<record><leader>00000cas a22000007a 4500</leader><controlfield tag="001">12006125</controlfield><controlfield tag="008">850507d18901891wiuwr ne      0    0eng d</controlfield><datafield ind1=" " ind2=" " tag="010"><subfield code="a">sn 85040582 </subfield></datafield><datafield ind1=" " ind2=" " tag="040"><subfield code="a">NPV</subfield><subfield code="b">eng</subfield><subfield code="c">NPV</subfield><subfield code="d">OCLCQ</subfield></datafield><datafield ind1=" " ind2=" " tag="042"><subfield code="a">msc</subfield></datafield><datafield ind1=" " ind2=" " tag="045"><subfield code="a">w9w9</subfield></datafield><datafield ind1=" " ind2=" " tag="052"><subfield code="a">4123</subfield><subfield code="b">T7</subfield></datafield><datafield ind1="0" ind2=" " tag="130"><subfield code="a">Galesville independent (Galesville, Wis. : 1890)</subfield></datafield><datafield ind1="1" ind2="0" tag="245"><subfield code="a">Galesville independent.</subfield></datafield><datafield ind1=" " ind2=" " tag="260"><subfield code="a">Galesville, Trempealeau County, Wis. :</subfield><subfield code="b">Truman F. Ball,</subfield><subfield code="c">-1891.</subfield></datafield><datafield ind1=" " ind2=" " tag="300"><subfield code="a">v. :</subfield><subfield code="b">ill.</subfield></datafield><datafield ind1=" " ind2=" " tag="310"><subfield code="a">Weekly</subfield></datafield><datafield ind1="0" ind2=" " tag="362"><subfield code="a">-v. 17, no. 29 (Feb. 20, 1891).</subfield></datafield><datafield ind1="1" ind2=" " tag="362"><subfield code="a">Began in 1889-1890.</subfield></datafield><datafield ind1=" " ind2=" " tag="530"><subfield code="a">Available on microfilm from The State Historical Society of Wisconsin.</subfield></datafield><datafield ind1=" " ind2=" " tag="588"><subfield code="a">Description based on: Vol. 17, no. 1 (Oct. 17, 1890).</subfield></datafield><datafield ind1=" " ind2=" " tag="752"><subfield code="a">United States</subfield><subfield code="b">Wisconsin</subfield><subfield code="c">Trempealeau</subfield><subfield code="d">Galesville.</subfield></datafield><datafield ind1="0" ind2="0" tag="780"><subfield code="t">Independent (Galesville, Wis.)</subfield><subfield code="w">(DLC)sn 85040581</subfield></datafield><datafield ind1="0" ind2="0" tag="785"><subfield code="t">Independent (Galesville, Wis. : 1891)</subfield><subfield code="w">(DLC)sn 85040583</subfield></datafield></record>